@Misc{Alonso-21-Cal,
  author =       {José A. Alonso},
  title =
                  {{\href{https://raw.githubusercontent.com/jaalonso/Calculemus/master/Calculemus.pdf}
                  {Calculemus (Vol. 1: Demostraciones con Isabelle/HOL y
                  Lean3)
                  \footnote{\url{https://raw.githubusercontent.com/jaalonso/Calculemus/master/Calculemus.pdf}}
                  }}},
  year =         2021
}

@Misc{Alonso-21-DAO,
  author =       {José A. Alonso},
  title =
                  {\href{https://raw.githubusercontent.com/jaalonso/DAO_con_Lean/master/DAO_con_Lean.pdf}
                  {DAO ({D}emostración {A}sistida por {O}rdenador) con
                  {L}ean
                  \footnote{\url{https://raw.githubusercontent.com/jaalonso/DAO_con_Lean/master/DAO_con_Lean.pdf}}}},
  year =         2021
}

@Misc{Alonso-21-LpM,
  author =       {José A. Alonso},
  title =
                  {\href{https://github.com/jaalonso/Lean_para_matematicos}
                  {Lean para matemáticos
                  \footnote{\url{https://github.com/jaalonso/Lean_para_matematicos}}}},
  year =         2021
}

@Misc{Alonso-21-MeL,
  author =       {José A. Alonso},
  title =        {\href{https://github.com/jaalonso/Matematicas_en_Lean}
                  {Matemáticas en {L}ean
                  \footnote{\url{https://github.com/jaalonso/Matematicas_en_Lean}}}},
  year =         2021
}

@Misc{Avigad-21-Manual,
  author =       {Jeremy Avigad and Gabriel Ebner and Sebastian Ullrich},
  title =        {\href{https://leanprover.github.io/lean4/doc/} {The
                  {L}ean4 Manual
                  \footnote{\url{https://leanprover.github.io/lean4/doc/}}}},
  year =         2021
}

@Misc{Avigad-21-TPeL,
  author =       {Jeremy Avigad and Leonardo de Moura and Soonho Kong},
  title =
                  {\href{https://leanprover.github.io/theorem_proving_in_lean4/}
                  {Theorem Proving in {L}ean4
                  \footnote{\url{https://leanprover.github.io/theorem_proving_in_lean4/}}}},
  year =         2021
}

@Misc{Avigad-21a,
  author =       {Jeremy Avigad and Robert Y. Lewis and Floris van
                  Doorn},
  title =
                  {\href{https://leanprover.github.io/logic_and_proof/logic_and_proof.pdf}
                  {Logic and proof
                  \footnote{\url{https://leanprover.github.io/logic_and_proof/logic_and_proof.pdf}}
                  }},
  year =         2021,
}

@Misc{Avigad-23-MeL,
  author =       {Jeremy Avigad and Patrick Massot},
  title =
                  {\href{https://leanprover-community.github.io/mathematics_in_lean/}
                  {Mathematics in {L}ean
                  \footnote{\url{https://leanprover-community.github.io/mathematics_in_lean/}}
                  }},
  year =         2023,
}

@Misc{Avigad-23a,
  author =       {Jeremy Avigad and Marijn J. H. Heule and Wojciech
                  Nawrocki},
  title =
                  {\href{https://avigad.github.io/lamr/logic_and_mechanized_reasoning.pdf}
                  {Logic and mechanized reasoning
                  \footnote{\url{https://avigad.github.io/lamr/logic_and_mechanized_reasoning.pdf}}
                  }},
  year =         2023,
}

@Misc{Baanen-20,
  author =       {Anne Baanen and Alexander Bentkamp and Jasmin
                  Blanchette and Johannes Hölzl and Jannis Limperg},
  title =
                  {\href{https://raw.githubusercontent.com/blanchette/logical_verification_2020/master/hitchhikers_guide.pdf}
                  {The {H}itchhiker's {G}uide to {L}ogical
                  {V}erification
                  \footnote{\url{https://raw.githubusercontent.com/blanchette/logical_verification_2020/master/hitchhikers_guide.pdf}}}},
  year =         2020
}

@Misc{Ballard,
  author =       {Matthew Ballard},
  title =        {\href{https://300.f22.matthewrobertballard.com/}
                  {Transition to advanced mathematics (Thinking and
                  communicating like a mathematician)
                  \footnote{\url{https://300.f22.matthewrobertballard.com/}}}}
}

@Misc{Buzzard-20,
  author =       {Kevin Buzzard and Mohammad Pedramfar},
  title =
                  {\href{https://www.ma.imperial.ac.uk/~buzzard/xena/natural_number_game/}
                  {The Natural Number Game, version 1.3.3
                  \footnote{\url{https://www.ma.imperial.ac.uk/~buzzard/xena/natural_number_game/}}}}
}

@Misc{Buzzard-21a,
  author =       {Kevin Buzzard},
  title =
                  {\href{https://github.com/ImperialCollegeLondon/formalising-mathematics}
                  {Course on formalising mathematics
                  \footnote{\url{https://github.com/ImperialCollegeLondon/formalising-mathematics}}}},
  year =         2021,
}

@Misc{Buzzard-23a,
  author =       {Kevin Buzzard},
  title =
                  {\href{https://github.com/ImperialCollegeLondon/formalising-mathematics-2023}
                  {Course on formalising mathematics
                  \footnote{\url{https://github.com/ImperialCollegeLondon/formalising-mathematics-2023}}}},
  year =         2023,
}

@Misc{Buzzard-M40001_C1,
  author =       {Kevin Buzzard},
  title =
                  {\href{https://www.ma.imperial.ac.uk/~buzzard/M4000x_html/M40001/M40001_C1.html}
                  {Sets and logic (in Lean)
                  \footnote{\url{https://www.ma.imperial.ac.uk/~buzzard/M4000x_html/M40001/M40001_C1.html}}}}
}

@Misc{Buzzard-M40001_C2,
  author =       {Kevin Buzzard},
  title =
                  {\href{https://www.ma.imperial.ac.uk/~buzzard/M4000x_html/M40001/M40001_C2.html}
                  {Functions and relations (in Lean)
                  \footnote{\url{https://www.ma.imperial.ac.uk/~buzzard/M4000x_html/M40001/M40001_C2.html}}}}
}

@Misc{Christiansen-23,
  author =       {David Thrane Christiansen},
  title =
                  {\href{https://leanprover.github.io/functional_programming_in_lean/}
                  {Functional programming in Lean
                  \footnote{\url{https://leanprover.github.io/functional_programming_in_lean/}}}},
  year =         2023
}

@Misc{Dvořák,
  author =       {Martin Dvořák},
  title =
                  {\href{https://raw.githubusercontent.com/madvorak/lean4-cheatsheet/main/lean-tactics.pdf}
                  {Lean 4 Cheatsheet
                  \footnote{\url{https://raw.githubusercontent.com/madvorak/lean4-cheatsheet/main/lean-tactics.pdf}}}}
}

@Misc{Hazratpour-22a,
  author =       {Sina Hazratpour},
  title =        {\href{https://introproofs.github.io/s22/}
                  {Introduction to proofs
                  \footnote{\url{https://introproofs.github.io/s22/}}}},
  year =         2022
}

@Misc{Hazratpour-22b,
  author =       {Sina Hazratpour},
  title =
                  {\href{https://sinhp.github.io/teaching/2022-introduction-to-proofs-with-Lean}
                  {Introduction to proofs with Lean proof assistant
                  \footnote{\url{https://sinhp.github.io/teaching/2022-introduction-to-proofs-with-Lean}}}},
  year =         2022
}

@Misc{LFTCM2020,
  author =       {Varios},
  title =
                  {\href{https://leanprover-community.github.io/lftcm2020/schedule.html}
                  {LFTCM 2020: Lean for the Curious Mathematician 2020
                  \footnote{\url{https://leanprover-community.github.io/lftcm2020/schedule.html}}}}
}

@Misc{Lewis-22,
  author =       {Robert Lewis},
  title =        {\href{https://github.com/BrownCS1951x/fpv2022} {Formal
                  proof and verification, 2022
                  \footnote{\url{https://github.com/BrownCS1951x/fpv2022}}}},
  year =         2022
}

@Misc{Lewis-23,
  author =       {Robert Lewis},
  title =        {\href{https://github.com/brown-cs22/CS22-Lean-2023}
                  {Discrete structures and probability
                  \footnote{\url{https://github.com/brown-cs22/CS22-Lean-2023}}}},
  year =         2023
}

@Misc{Löh-22,
  author =       {Clara Löh},
  title =
                  {\href{https://loeh.app.uni-regensburg.de/mapa/main.pdf}
                  {Exploring formalisation (A primer in human-readable
                  mathematics in Lean 3 with examples from simplicial
                  topology)
                  \footnote{\url{https://loeh.app.uni-regensburg.de/mapa/main.pdf}}}},
  year =         2022
}

@Misc{Macbeth-23,
  author =       {Heather Macbeth},
  title =        {\href{https://hrmacbeth.github.io/math2001/index.html}
                  {The mechanics of proof
                  \footnote{\url{https://hrmacbeth.github.io/math2001/index.html}}}},
  year =         2023
}

@Misc{Massot,
  author =       {Patrick Massot},
  title =
                  {\href{https://www.imo.universite-paris-saclay.fr/~pmassot/enseignement/math114/}
                  {Introduction aux mathématiques formalisées
                  \footnote{\url{https://www.imo.universite-paris-saclay.fr/~pmassot/enseignement/math114/}}}},
}

@Misc{Roux-20,
  author =       {Frederic Le Roux},
  title =
                  {\href{https://github.com/FredericLeRoux/LEAN_ESPACES_METRIQUES}
                  {Code Lean contenant les preuves d'un cours standard
                  sur les espaces métriques
                  \footnote{\url{https://github.com/FredericLeRoux/LEAN_ESPACES_METRIQUES}}}},
  year =         2020
}

@Misc{Schulze,
  author =       {Walter Schulze},
  title =
                  {\href{https://youtube.com/playlist?list=PLYwF9EIrl42RFQgbmcR_LSCWRIx2WKbXs}
                  {Learning LeanProver
                  \footnote{\url{https://youtube.com/playlist?list=PLYwF9EIrl42RFQgbmcR_LSCWRIx2WKbXs}}}},
}

@Misc{Velleman,
  author =       {Daniel J. Velleman},
  title =        {\href{https://djvelleman.github.io/HTPIwL/} {How to
                  prove it with Lean
                  \footnote{\url{https://djvelleman.github.io/HTPIwL/}}}},
}

@Misc{Mathlib,
  author =    {Mathlib Community},
  title =     {\href{https://leanprover-community.github.io/undergrad.html}
               {Undergraduate mathematics in mathlib
               \footnote{\url{https://leanprover-community.github.io/undergrad.html}}}}}
